% not in docrepo.bib
% http://www.iana.org/assignments/media-types/

@Misc{std:MIME_types,
  author =       {{The Internet Assigned Numbers Authority IANA}},
  title =    {MIME Media Types},
  howpublished = {IANA standard},
  organization = {{IANA}},
  url =          {http://www.iana.org/assignments/media-types/},
  year =         2007
}

@Misc{IVOANote:Polarisation,
  author =       {A. Richards and  F. Bonnarel},
  title =    {Note on the description of polarization data
Version 1.0},
  howpublished = {IVOA Note},
  organization = {{IVOA}},
  url =          {https://ivoa.net/documents/Notes/Polarization/20100203/},
  month =        Feb,
  year =         2010
}
@Misc{IVOANote:Characterisation2,
  author =       { F. Bonnarel and I.Chilingarian and al.},
  title =    {Characterisation DM: Complements and new features. Observation quality and variability - complex datasets, Version 1.0},
  howpublished = {IVOA Working Draft},
  organization = {{IVOA}},
  url =          {https://ivoa.net/documents/Characterisation2/20121029/index.html},
  month =        Oct,
  year =       2012
}
@Misc{wd:DatasetDM,
  author =       { F. Bonnarel and  O. Laurino and  G. Lemsonand  M.Louys,and A. Rots and  D.Tody and the IVOA Data Model Working},
  title =    {IVOA Dataset Metadata Model, Version 1.0},
  howpublished = {IVOA Working Draft},
  organization = {{IVOA}},
  url =          {https://www.ivoa.net/documents/DatasetDM/20160317/WD-DatasetDM-1.0-20160317.pdfl},
  month =        Mar,
  year =       2016
}

@Misc{IVOANote:DMObservation,
  author =       { J. McDowell and al.},
  title =    {Data Model for Observation Version 1.0},
  howpublished = {IVOA Note},
  organization = {{IVOA}},
  url =          {https://ivoa.net/documents/latest/DMObs.htmll},
  month =        Apr,
  year =       2005
}

@ARTICLE{2002A&A...395.1061G,
       author = {{Greisen}, E.~W. and {Calabretta}, M.~R.},
        title = "{Representations of world coordinates in FITS}",
      journal = {Astronomy and Astrophysics},
     keywords = {methods: data analysis, techniques: image processing, astronomical data bases: miscellaneous, Astrophysics},
         year = 2002,
        month = dec,
       volume = {395},
        pages = {1061-1075},
          doi = {10.1051/0004-6361:20021326},
archivePrefix = {arXiv},
       eprint = {astro-ph/0207407},
 primaryClass = {astro-ph},
       adsurl = {https://ui.adsabs.harvard.edu/abs/2002A&A...395.1061G},
      adsnote = {Provided by the SAO/NASA Astrophysics Data System}
}

@Misc{IVOANote:PhotometryVotable,
  author =       {S. Derri√®re},
  title =    {Providing photometric data measurements description
in votables},
  howpublished = {IVOA Note},
  organization = {{IVOA}},
  url =          {https://wiki.ivoa.net/internal/IVOA/PhotometryDataModel/NOTE-PPDMDesc-0.1-20101202.pdf },
  month =        Apr,
  year =       2010
}
@Misc{IVOANote:ObservableUCD,
  author =       {M.Louys and F. Bonnarel},
  title =    {List of UCD for observable quantities},
  howpublished = {Tech. report},
  organization = {{IVOA wiki }},
  url =          {https://wiki.ivoa.net/internal/IVOA/ObsTap/ListForObservable25Oct2010.pdf },
  year =       2010
}


